<record xmlns='http://www.loc.gov/MARC21/slim'><leader>01312cfm a2200325 a 4500</leader><controlfield tag='001'>113030</controlfield><controlfield tag='005'>20191203153255.0</controlfield><controlfield tag='007'>aj canzn</controlfield><controlfield tag='008'>940317s1929    xx        a       e eng d</controlfield><datafield ind1='1' ind2=' ' tag='019'><subfield code='a'>10693999</subfield></datafield><datafield ind1='1' ind2=' ' tag='034'><subfield code='a'>a</subfield><subfield code='b'>9600</subfield><subfield code='d'>E1490800</subfield><subfield code='e'>E1490800</subfield><subfield code='f'>S0351800</subfield><subfield code='g'>S0351800</subfield></datafield><datafield ind1=' ' ind2=' ' tag='035'><subfield code='9'>(AuCNLDY)2136379</subfield></datafield><datafield ind1=' ' ind2=' ' tag='035'><subfield code='a'>113030</subfield></datafield><datafield ind1=' ' ind2=' ' tag='040'><subfield code='a'>ANL:AM</subfield><subfield code='b'>eng</subfield><subfield code='c'>ANL:AM</subfield></datafield><datafield ind1=' ' ind2=' ' tag='042'><subfield code='a'>anuc</subfield></datafield><datafield ind1=' ' ind2=' ' tag='043'><subfield code='a'>u-at-ac</subfield></datafield><datafield ind1='0' ind2=' ' tag='045'><subfield code='b'>d1929</subfield></datafield><datafield ind1=' ' ind2='4' tag='050'><subfield code='a'>G8984.C3G45 1929</subfield></datafield><datafield ind1='0' ind2='0' tag='245'><subfield code='a'>Canberra</subfield><subfield code='h'>[cartographic material].</subfield></datafield><datafield ind1=' ' ind2=' ' tag='255'><subfield code='a'>Scale [ca. 1:9 600]. 800 ft. to an in.</subfield><subfield code='c'>(E 149°08&apos;/S 35°18&apos;)</subfield></datafield><datafield ind1=' ' ind2=' ' tag='260'><subfield code='c'>1929.</subfield></datafield><datafield ind1=' ' ind2=' ' tag='300'><subfield code='a'>1 map :</subfield><subfield code='b'>mounted on linen, some hand col. ;</subfield><subfield code='c'>132 x 116 cm.</subfield></datafield><datafield ind1=' ' ind2=' ' tag='500'><subfield code='a'>Map has a printed monogram involving the letters: A, G, V.</subfield></datafield><datafield ind1=' ' ind2=' ' tag='520'><subfield code='a'>Cadastral map of Canberra, including section and lot numbers. Proposed suburbs, roads and lake also shown.</subfield></datafield><datafield ind1=' ' ind2=' ' tag='530'><subfield code='a'>Also available online</subfield><subfield code='u'>http://nla.gov.au/nla.obj-230039672</subfield></datafield><datafield ind1=' ' ind2='0' tag='650'><subfield code='a'>City planning</subfield><subfield code='z'>Australian Capital Territory</subfield><subfield code='z'>Canberra</subfield><subfield code='v'>Maps.</subfield></datafield><datafield ind1=' ' ind2='0' tag='650'><subfield code='a'>Real property</subfield><subfield code='z'>Australian Capital Territory</subfield><subfield code='z'>Canberra</subfield><subfield code='v'>Maps.</subfield></datafield><datafield ind1=' ' ind2='0' tag='651'><subfield code='a'>Canberra (A.C.T.)</subfield><subfield code='v'>Maps.</subfield></datafield><datafield ind1='4' ind2='1' tag='856'><subfield code='z'>National Library of Australia digitised item</subfield><subfield code='u'>http://nla.gov.au/nla.obj-230039672</subfield><subfield code='x'>fulltext</subfield></datafield><datafield ind1=' ' ind2=' ' tag='995'><subfield code='a'>Copy 1 is labelled 36 on verso. Copy 2 is labelled 33 on verso.</subfield></datafield></record>